<?xml version="1.0" encoding="UTF-8"?>
<Document xmlns="http://www.six-interbank-clearing.com/de/pain.001.001.03.ch.02.xsd"
    xmlns:xsi="http://www.w3.org/2001/XMLSchema-instance" xsi:schemaLocation="http://www.six-interbank-clearing.com/de/pain.001.001.03.ch.02.xsd pain.001.001.03.ch.02.xsd">
    <CstmrCdtTrfInitn>
        <GrpHdr>
            <MsgId>message-001</MsgId>
            <CreDtTm>2018-11-06T14:44:27+00:00</CreDtTm>
            <NbOfTxs>1</NbOfTxs>
            <CtrlSum>0.00</CtrlSum>
            <InitgPty>
                <Nm>InnoMuster AG</Nm>
                <CtctDtls>
                    <Nm>Z38_SwissPayment</Nm>
                    <Othr>0.6.0</Othr>
                </CtctDtls>
            </InitgPty>
        </GrpHdr>

        <GrpHdr>
            <MsgId>SEBBANDOMSTRD</MsgId>
            <CreDtTm>2012-09-10T09:24:07</CreDtTm>
            <NbOfTxs>2</NbOfTxs>
            <CtrlSum>172.00</CtrlSum>
            <InitgPty>
                <Nm>SE COMPANY</Nm>
                <Id>
                    <OrgId>
                        <Othr>
                            <Id>0033331111</Id>
                            <SchmeNm>
                                <Cd>BANK</Cd>
                            </SchmeNm>
                        </Othr>
                    </OrgId>
                </Id>
            </InitgPty>
        </GrpHdr>



        <PmtInfId>payment-001</PmtInfId>
            <PmtMtd>TRF</PmtMtd>
            <BtchBookg>true</BtchBookg>
            <ReqdExctnDt>2018-11-06</ReqdExctnDt>
            <Dbtr>
                <Nm>InnoMuster AG</Nm>
            </Dbtr>
            <DbtrAcct>
                <Id>
                    <IBAN>CH6600700110000204481</IBAN>
                </Id>
            </DbtrAcct>
            <DbtrAgt>
                <FinInstnId>
                    <BIC>ZKBKCHZZ80A</BIC>
                </FinInstnId>
            </DbtrAgt>
            <CdtTrfTxInf>
                <PmtId>
                    <InstrId>instr-001</InstrId>
                    <EndToEndId>e2e-001</EndToEndId>
                </PmtId>
                <Amt>
                    <InstdAmt Ccy="SEK">0.00</InstdAmt>
                </Amt>
                <CdtrAgt>
                    <FinInstnId>
                        <BIC>NDEADKKK</BIC>
                    </FinInstnId>
                </CdtrAgt>
                <Cdtr>
                    <Nm>Firstname2 Lastname2</Nm>
                    <PstlAdr>
                        <StrtNm>Dag Hammarskjölds väg 13</StrtNm>
                        <PstCd>752 37</PstCd>
                        <TwnNm>UPPSALA</TwnNm>
                        <Ctry>SE</Ctry>
                    </PstlAdr>
                </Cdtr>
                <CdtrAcct>
                    <Id>
                        <Othr>
                            <Id>95500001234567</Id>
                            <SchmeNm>
                                <Cd>BBAN</Cd>
                            </SchmeNm>
                        </Othr>
                    </Id>
                </CdtrAcct>
            </CdtTrfTxInf>
        </PmtInf>
    </CstmrCdtTrfInitn>
</Document>
